[gd_scene load_steps=13 format=2]

[ext_resource path="res://scripts/bricks.gd" type="Script" id=1]
[ext_resource path="res://scenes/paddle.tscn" type="PackedScene" id=2]
[ext_resource path="res://sprites/game jam/in game bg.png" type="Texture" id=3]
[ext_resource path="res://scripts/score_label.gd" type="Script" id=4]
[ext_resource path="res://scripts/timer.gd" type="Script" id=5]
[ext_resource path="res://scripts/label_life.gd" type="Script" id=6]
[ext_resource path="res://scripts/dead_zone.gd" type="Script" id=7]

[sub_resource type="GDScript" id=1]

resource_name = "reset_button"
script/source = "extends Button

# class member variables go here, for example:
# var a = 2
# var b = \"textvar\"

func _ready():
	# Called when the node is added to the scene for the first time.
	# Initialization here
	pass

#func _process(delta):
#	# Called every frame. Delta is time since last frame.
#	# Update game logic here.
#	pass


func reset():
	get_tree().change_scene(\"res://scenes/game.tscn\")
"
_sections_unfolded = [ "Resource" ]

[sub_resource type="GDScript" id=2]

script/source = "extends Button

onready var anim = t.global_find_node(\"anim\")

func _on_menu_pressed():
	anim.play(\"fade_to_black\")
	yield(anim, \"animation_finished\")
	get_tree().change_scene(\"res://scenes/main_menu.tscn\")
"

[sub_resource type="RectangleShape2D" id=3]

custom_solver_bias = 0.0
extents = Vector2( 84, 12 )

[sub_resource type="Animation" id=4]

resource_name = "fade_from_black"
length = 0.5
loop = false
step = 0.1
tracks/0/type = "value"
tracks/0/path = NodePath("black:visible")
tracks/0/interp = 1
tracks/0/loop_wrap = true
tracks/0/imported = false
tracks/0/enabled = true
tracks/0/keys = {
"times": PoolRealArray( 0.5 ),
"transitions": PoolRealArray( 1 ),
"update": 1,
"values": [ false ]
}
tracks/1/type = "value"
tracks/1/path = NodePath("black:self_modulate")
tracks/1/interp = 1
tracks/1/loop_wrap = true
tracks/1/imported = false
tracks/1/enabled = true
tracks/1/keys = {
"times": PoolRealArray( 0, 0.5 ),
"transitions": PoolRealArray( 4, 1 ),
"update": 0,
"values": [ Color( 1, 1, 1, 1 ), Color( 1, 1, 1, 0 ) ]
}

[sub_resource type="Animation" id=5]

length = 0.5
loop = false
step = 0.1
tracks/0/type = "value"
tracks/0/path = NodePath("black:visible")
tracks/0/interp = 1
tracks/0/loop_wrap = true
tracks/0/imported = false
tracks/0/enabled = true
tracks/0/keys = {
"times": PoolRealArray( 0 ),
"transitions": PoolRealArray( 1 ),
"update": 1,
"values": [ true ]
}
tracks/1/type = "value"
tracks/1/path = NodePath("black:self_modulate")
tracks/1/interp = 1
tracks/1/loop_wrap = true
tracks/1/imported = false
tracks/1/enabled = true
tracks/1/keys = {
"times": PoolRealArray( 0, 0.5 ),
"transitions": PoolRealArray( 0.25, 1 ),
"update": 0,
"values": [ Color( 1, 1, 1, 0 ), Color( 1, 1, 1, 1 ) ]
}

[node name="game" type="Node" index="0"]

_sections_unfolded = [ "Pause" ]

[node name="bricks" type="Node" parent="." index="0"]

script = ExtResource( 1 )

[node name="ColorRect" type="ColorRect" parent="." index="1"]

visible = false
anchor_left = 0.0
anchor_top = 0.0
anchor_right = 0.0
anchor_bottom = 0.0
margin_right = 144.0
margin_bottom = 256.0
rect_pivot_offset = Vector2( 0, 0 )
rect_clip_content = false
mouse_filter = 0
mouse_default_cursor_shape = 0
size_flags_horizontal = 1
size_flags_vertical = 1
color = Color( 1, 1, 1, 1 )
_sections_unfolded = [ "Rect" ]

[node name="paddle" parent="." index="2" instance=ExtResource( 2 )]

z_index = -1
_sections_unfolded = [ "Z Index", "collision" ]

[node name="wall" type="StaticBody2D" parent="." index="3" groups=[
"wall",
]]

position = Vector2( -4, 0 )
input_pickable = false
collision_layer = 1
collision_mask = 1
constant_linear_velocity = Vector2( 0, 0 )
constant_angular_velocity = 0.0
friction = 1.0
bounce = 0.0
__meta__ = {
"_edit_group_": true,
"_edit_lock_": true
}

[node name="CollisionPolygon2D" type="CollisionPolygon2D" parent="wall" index="0"]

build_mode = 0
polygon = PoolVector2Array( 4, 0, 4, 256, -40, 256, -40, -40, 192, -40, 192, 256, 148, 256, 148, 0 )
_sections_unfolded = [ "Transform" ]

[node name="ui" type="CanvasLayer" parent="." index="4"]

layer = -3
offset = Vector2( 0, 0 )
rotation = 0.0
scale = Vector2( 1, 1 )
transform = Transform2D( 1, 0, 0, 1, 0, 0 )

[node name="in game bg" type="Sprite" parent="ui" index="0"]

position = Vector2( 72, 128 )
texture = ExtResource( 3 )

[node name="debug" type="Control" parent="ui" index="1"]

anchor_left = 0.0
anchor_top = 0.0
anchor_right = 0.0
anchor_bottom = 0.0
margin_right = 40.0
margin_bottom = 40.0
rect_pivot_offset = Vector2( 0, 0 )
rect_clip_content = false
mouse_filter = 0
mouse_default_cursor_shape = 0
size_flags_horizontal = 1
size_flags_vertical = 1

[node name="Button" type="Button" parent="ui/debug" index="0"]

visible = false
anchor_left = 0.0
anchor_top = 0.0
anchor_right = 0.0
anchor_bottom = 0.0
margin_right = 12.0
margin_bottom = 20.0
rect_pivot_offset = Vector2( 0, 0 )
rect_clip_content = false
focus_mode = 2
mouse_filter = 0
mouse_default_cursor_shape = 0
size_flags_horizontal = 1
size_flags_vertical = 1
toggle_mode = false
enabled_focus_mode = 2
shortcut = null
group = null
text = "Reset"
flat = false
align = 1
script = SubResource( 1 )

[node name="menu" type="Button" parent="ui/debug" index="1"]

anchor_left = 0.0
anchor_top = 0.0
anchor_right = 0.0
anchor_bottom = 0.0
margin_right = 12.0
margin_bottom = 20.0
rect_pivot_offset = Vector2( 0, 0 )
rect_clip_content = false
focus_mode = 2
mouse_filter = 0
mouse_default_cursor_shape = 0
size_flags_horizontal = 1
size_flags_vertical = 1
toggle_mode = false
enabled_focus_mode = 2
shortcut = null
group = null
text = "Menu"
flat = false
align = 1
script = SubResource( 2 )

[node name="label_score" type="Label" parent="ui" index="2"]

anchor_left = 0.0
anchor_top = 0.0
anchor_right = 0.0
anchor_bottom = 0.0
margin_left = 84.0
margin_right = 124.0
margin_bottom = 14.0
rect_pivot_offset = Vector2( 0, 0 )
rect_clip_content = false
mouse_filter = 2
mouse_default_cursor_shape = 0
size_flags_horizontal = 1
size_flags_vertical = 4
text = "sciore"
align = 2
percent_visible = 1.0
lines_skipped = 0
max_lines_visible = -1
script = ExtResource( 4 )

[node name="timer" type="Timer" parent="ui" index="3"]

process_mode = 0
wait_time = 5.0
one_shot = true
autostart = false
script = ExtResource( 5 )

[node name="time" type="Label" parent="ui/timer" index="0"]

anchor_left = 0.0
anchor_top = 0.0
anchor_right = 0.0
anchor_bottom = 0.0
margin_top = 20.0
margin_right = 40.0
margin_bottom = 34.0
rect_pivot_offset = Vector2( 0, 0 )
rect_clip_content = false
mouse_filter = 2
mouse_default_cursor_shape = 0
size_flags_horizontal = 1
size_flags_vertical = 4
text = "time"
percent_visible = 1.0
lines_skipped = 0
max_lines_visible = -1

[node name="label_life" type="Label" parent="ui" index="4"]

anchor_left = 0.0
anchor_top = 0.0
anchor_right = 0.0
anchor_bottom = 0.0
margin_top = 240.0
margin_right = 40.0
margin_bottom = 254.0
rect_pivot_offset = Vector2( 0, 0 )
rect_clip_content = false
mouse_filter = 2
mouse_default_cursor_shape = 0
size_flags_horizontal = 1
size_flags_vertical = 4
text = "life"
percent_visible = 1.0
lines_skipped = 0
max_lines_visible = -1
script = ExtResource( 6 )
hp = 5

[node name="sfx" type="AudioStreamPlayer" parent="." index="5"]

stream = null
volume_db = 0.0
pitch_scale = 1.0
autoplay = false
mix_target = 0
bus = "Master"

[node name="dead_zone" type="Area2D" parent="." index="6"]

editor/display_folded = true
position = Vector2( 72, 268 )
input_pickable = true
gravity_vec = Vector2( 0, 1 )
gravity = 98.0
linear_damp = 0.1
angular_damp = 1.0
audio_bus_override = false
audio_bus_name = "Master"
script = ExtResource( 7 )
_sections_unfolded = [ "Audio Bus", "Collision" ]
__meta__ = {
"_edit_group_": true
}

[node name="CollisionShape2D" type="CollisionShape2D" parent="dead_zone" index="0"]

shape = SubResource( 3 )
_sections_unfolded = [ "Transform" ]

[node name="anim" type="AnimationPlayer" parent="." index="7"]

root_node = NodePath("..")
autoplay = ""
playback_process_mode = 1
playback_default_blend_time = 0.0
playback_speed = 1.0
anims/fade_from_black = SubResource( 4 )
anims/fade_to_black = SubResource( 5 )
blend_times = [  ]
_sections_unfolded = [ "Playback Options" ]

[node name="black" type="ColorRect" parent="." index="8"]

visible = false
self_modulate = Color( 0, 0, 0, 1 )
anchor_left = 0.0
anchor_top = 0.0
anchor_right = 0.0
anchor_bottom = 0.0
margin_right = 144.0
margin_bottom = 256.0
rect_pivot_offset = Vector2( 0, 0 )
rect_clip_content = false
mouse_filter = 2
mouse_default_cursor_shape = 8
size_flags_horizontal = 1
size_flags_vertical = 1
color = Color( 0, 0, 0, 1 )
_sections_unfolded = [ "Animation", "Material", "Offset", "Region", "Transform", "Visibility", "Z Index" ]

[connection signal="pressed" from="ui/debug/Button" to="ui/debug/Button" method="reset"]

[connection signal="pressed" from="ui/debug/menu" to="ui/debug/menu" method="_on_menu_pressed"]


